@book{leon2000algebra,
  title={{\'A}lgebra Linear com Aplica{\c{c}}{\~o}es .},
  author={Leon, Steven J},
  year={2011},
  publisher={Grupo Gen-LTC}
}

@book{baldin2011geometria,
  title={Geometria anal{\'\i}tica para todos e atividades com Octave e GeoGebra},
  author={Baldin, Yuriko Yamamoto and FURUYA, Yolanda K Saito},
  year={2011},
  publisher={EduFSCar: S{\~a}o Carlos}
}

@book{boldrini1980algebra,
  title={{\'A}lgebra linear},
  author={Boldrini, Jos{\'e} Luiz and Costa, Sueli IR and Figueredo, VL and Wetzler, Henry G},
  year={1980},
  publisher={Harper \& Row}
}

@book{craig2012robotica,
  title={Rob{\'o}tica. 3a edi{\c{c}}{\~a}o.[Sl]},
  author={Craig, JJ},
  year={2012},
  publisher={S{\~a}o Paulo: Editora Pearson}
}